@book{kielb92,
publisher = {Wydawnictwa Naukowo-Techniczne},
isbn = {8320412609},
year = {1992},
title = {Numeryczna algebra liniowa: wprowadzenie do obliczeń zautomatyzowanych},
language = {pol},
address = {Warszawa},
author = {Andrzej Kiełbasiński i Hubert Schwetlick},
keywords = {Algebra liniowa -- metody numeryczne -- podręcznik},
}


